<record><leader>00000cas a22000007a 4500</leader><controlfield tag="001">9314693</controlfield><controlfield tag="008">830316d18281828mau x ne      0    0eng d</controlfield><datafield ind1=" " ind2=" " tag="010"><subfield code="a">sn 83020311 </subfield></datafield><datafield ind1=" " ind2=" " tag="040"><subfield code="a">NPX</subfield><subfield code="b">eng</subfield><subfield code="c">NPX</subfield><subfield code="d">OCLCQ</subfield></datafield><datafield ind1=" " ind2=" " tag="042"><subfield code="a">msc</subfield></datafield><datafield ind1="0" ind2="0" tag="245"><subfield code="a">Morning chronicle, half sheet.</subfield></datafield><datafield ind1="1" ind2="3" tag="246"><subfield code="a">Morning chronicle</subfield></datafield><datafield ind1=" " ind2=" " tag="260"><subfield code="a">Roxbury, Mass. :</subfield><subfield code="b">[s.n.],</subfield><subfield code="c">1828.</subfield></datafield><datafield ind1=" " ind2=" " tag="300"><subfield code="a">v. ;</subfield><subfield code="c">52 cm.</subfield></datafield><datafield ind1="0" ind2=" " tag="362"><subfield code="a">Feb. 23, 1828-Mar. 15, 1828.</subfield></datafield><datafield ind1=" " ind2=" " tag="500"><subfield code="a">"Will not be united with either [party]."</subfield></datafield><datafield ind1=" " ind2=" " tag="500"><subfield code="a">Printer: George F. Black, 1828.</subfield></datafield><datafield ind1=" " ind2=" " tag="752"><subfield code="a">United States</subfield><subfield code="b">Massachusetts</subfield><subfield code="c">Suffolk</subfield><subfield code="d">Roxbury.</subfield></datafield></record>